@article{spin-boson,
  title={A semiclassical self-consistent-field approach to dissipative dynamics: The spin--boson problem},
  author={Stock, Gerhard},
  journal={The Journal of Chemical Physics},
  volume={103},
  number={4},
  pages={1561--1573},
  year={1995},
  publisher={AIP Publishing}
}

@misc{rnd,
	title={{RANDOM\_NUMBER}},
	author={\textsc{gcc-gnu-gfortran}},
	howpublished = "\url{https://gcc.gnu.org/onlinedocs/gfortran/RANDOM_005fNUMBER.html}"
}
@article{tf,
  title={The Thomas-Fermi theory of atoms, molecules and solids},
  author={Lieb, Elliott H and Simon, Barry},
  journal={Advances in Mathematics},
  volume={23},
  number={1},
  pages={22--116},
  year={1977},
  publisher={Elsevier}
}
@misc{no3origin,
    author    = "Geyer, Diss A.",
    title = "{Tropospheric Radical Chemistry}",
    howpublished = 
    "\url{http://www.iup.uni-heidelberg.de/institut/forschung/groups/atmosphere/troposphere/Tropo_Chemie/TroposphericChemistry.pdf}",
    year     = "2014",
    month    = "Sept",
}
@misc{formgasir,
    author    = "{National Institute of Standards and Technology}",
    title = "{Formaldehyde}",
    howpublished = 
    "\url{http://webbook.nist.gov/cgi/cbook.cgi?ID=C50000&Type=IR-SPEC&Index=0#IR-SPEC
     }",
    year     = "1978",
    month    = "March",
    day = "16"
}
@article{carboranerad,
    author    = "King T. Benjamin and Zharov Ilya and Michl Josef",
    title = "{Alkylated carborane anions and radicals}",
    howpublished = 
    "\url{http://pubs.acs.org/subscribe/archive/ci/31/i12/html/12michl.html}",
    year     = "2001",
    month    = "December",
}
@misc{bigo,
    author    = "MIT",
    title     = "Big {O}",
    howpublished = "\url{http://web.mit.edu/16.070/www/lecture/big_o.pdf}",
    year="2014",
    month="Sept."
}
@book{perturbation,
  title={Introduction to perturbation methods},
  author={Holmes, Mark H},
  volume={20},
  year={2012},
  publisher={Springer}
}
@article{log_scale,
  title={Time-dependent quantum-mechanical methods for molecular dynamics},
  author={Kosloff, Ronnie},
  journal={The Journal of Physical Chemistry},
  volume={92},
  number={8},
  pages={2087--2100},
  year={1988},
  publisher={ACS Publications}
}
@article{exp_scale,
  title={Towards quantum chemistry on a quantum computer},
  author={Lanyon, Benjamin P and Whitfield, James Daniel and Gillett, GG and 
  Goggin, Michael E and Almeida, Marcelo P and Kassal, Ivan and Biamonte, Jacob 
  D and Mohseni, Masoud and Powell, Ben J and Barbieri, Marco and others},
  journal={Nature Chemistry},
  volume={2},
  number={2},
  pages={106--111},
  year={2010},
  publisher={Nature Publishing Group}
}
@article{poly_scale,
  title={Polynomial-time quantum algorithm for the simulation of chemical 
  dynamics},
  author={Kassal, Ivan and Jordan, Stephen P and Love, Peter J and Mohseni, 
  Masoud and Aspuru-Guzik, Al{\'a}n},
  journal={Proceedings of the National Academy of Sciences},
  volume={105},
  number={48},
  pages={18681--18686},
  year={2008},
  publisher={National Acad Sciences}
}
@article{fact_scale,
  title={Nuclear structure calculations with coupled cluster methods from 
  quantum chemistry},
  author={Dean, David J and Gour, JR and Hagen, G and Hjorth-Jensen, M and 
  Kowalski, K and Papenbrock, T and Piecuch, P and W{\l}och, M},
  journal={Nuclear Physics A},
  volume={752},
  pages={299--308},
  year={2005},
  publisher={Elsevier}
}
@article{molcas1,
  title={MOLCAS: a program package for computational chemistry},
  author={Karlstr{\"o}m, Gunnar and Lindh, Roland and Malmqvist, Per-{\AA}ke 
  and Roos, Bj{\"o}rn O and Ryde, Ulf and Veryazov, Valera and Widmark, 
  Per-Olof and Cossi, Maurizio and Schimmelpfennig, Bernd and Neogrady, Pavel 
  and others},
  journal={Computational Materials Science},
  volume={28},
  number={2},
  pages={222--239},
  year={2003},
  publisher={Elsevier}
}
@article{molcas2,
  title={MOLCAS 7: The next generation},
  author={Aquilante, Francesco and De Vico, Luca and Ferr{\'e}, Nicolas and 
  Ghigo, Giovanni and Malmqvist, Per-{\aa}ke and Neogr{\'a}dy, Pavel and 
  Pedersen, Thomas Bondo and Pito{\v{n}}{\'a}k, Michal and Reiher, Markus and 
  Roos, Bj{\"o}rn O and others},
  journal={Journal of Computational Chemistry},
  volume={31},
  number={1},
  pages={224--247},
  year={2010},
  publisher={Wiley Online Library}
}
@article{gromacs,
  title={GROMACS 4.5: a high-throughput and highly parallel open source 
  molecular simulation toolkit},
  author={Pronk, Sander and P{\'a}ll, Szil{\'a}rd and Schulz, Roland and 
  Larsson, Per and Bjelkmar, P{\"a}r and Apostolov, Rossen and Shirts, Michael 
  R and Smith, Jeremy C and Kasson, Peter M and van der Spoel, David and 
  others},
  journal={Bioinformatics},
  pages={btt055},
  year={2013},
  publisher={Oxford Univ Press}
}
@article{moldyn,
  title={Ab initio molecular dynamics: Theory and implementation},
  author={Marx, Dominik and Hutter, Jurg},
  journal={Modern Methods and Algorithms of Quantum Chemistry},
  volume={1},
  pages={301--449},
  year={2000},
  publisher={NIC Series}
}
@article{project,
  title={Symmetrical windowing for quantum states in quasi-classical trajectory 
  simulations: Application to electronically non-adiabatic processes},
  author={Cotton, Stephen J and Miller, William H},
  journal={The Journal of Chemical Physics},
  volume={139},
  number={23},
  pages={234112},
  year={2013},
  publisher={AIP Publishing}
}
@manual{orca,
	title		= "Orca Manual",
	author		= "Frank Neese and Ute Becker and Dmytro Bykov and Dmitry 
	Ganyushin and Andreas Hansen,
		R obert Izs ak and Dimitrios G. Liakos and Christian Kollmar,
		Simone Kossmann and Dimitrios A. Pantazis and Taras Petrenko,
		Christoph Reimann and Christoph Riplinger and Michael Roemelt and
		Barbara Sandhöfer and Igor Schapiro and Kantharuban Sivalingam and Boris
		Wezisla and Mih aly K allay and Stefan Grimme and Edward Valeev and 
		Garnet Chan",
	organization	= "Max Planck Institute for Chemical Energy Conversion",
	address	= "Stiftstr. 34-36, 45470 Mülheim a. d. Ruhr, Germany",
	edition	= "3.0.1",
	year		= "2013",
	month		= "Nov."
}
@article{lin_scaling,
  title={An efficient and near linear scaling pair natural orbital based local 
  coupled cluster method},
  author={Riplinger, Christoph and Neese, Frank},
  journal={The Journal of Chemical Physics},
  volume={138},
  number={3},
  pages={034106},
  year={2013},
  publisher={AIP Publishing}
}
@misc{f@h,
    author    = "{Stanford University}",
    title     = "{Folding@Home}",
    howpublished = "\url{http://folding.stanford.edu/home/}",
}
@misc{cep,
    author    = "{Harvard University}",
    title     = "{the Harvard Clean Energy Project}",
    howpublished = "\url{http://cleanenergy.molecularspace.org/}",
}
@article{ap1,
  title={Molecular dynamics methodology for the study of the solvent effects on 
  a concentrated Diels-Alder reaction and the separation of the post-reaction 
  mixture},
  author={Sheehan, Madoc E and Sharratt, Paul N},
  journal={Computers \& Chemical Engineering},
  volume={22},
  pages={S27--S33},
  year={1998},
  publisher={Elsevier}
}
@book{book1,
  title={Essentials of computational chemistry: theories and models},
  author={Cramer, Christopher J},
  year={2013},
  publisher={John Wiley \& Sons}
}
@book{book2,
  title={Computational chemistry: introduction to the theory and applications 
  of molecular and quantum mechanics},
  author={Lewars, Errol},
  year={2010},
  publisher={Springer}
}
@article{pharm1,
  title={The many roles of computation in drug discovery},
  author={Jorgensen, William L},
  journal={Science},
  volume={303},
  number={5665},
  pages={1813--1818},
  year={2004},
  publisher={American Association for the Advancement of Science}
}
@article{pharm7,
  title={Rational drug design},
  author={Mandal, Soma and Moudgil, Mee'nal and Mandal, Sanat K},
  journal={European Journal of Pharmacology},
  volume={625},
  number={1},
  pages={90--100},
  year={2009},
  publisher={Elsevier}
}
@article{inf,
  title={Nature’s pharmaceuticals},
  author={Lesney, Mark S},
  journal={Today’s Chemist at Work},
  volume={7},
  pages={27--32},
  year={2004}
}
@article{qchem1,
  title={Advances in methods and algorithms in a modern quantum chemistry 
  program package},
  author={Shao, Yihan and Molnar, Laszlo Fusti and Jung, Yousung and Kussmann, 
  J{\"o}rg and Ochsenfeld, Christian and Brown, Shawn T and Gilbert, Andrew TB 
  and Slipchenko, Lyudmila V and Levchenko, Sergey V and O’Neill, Darragh P and 
  others},
  journal={Physical Chemistry Chemical Physics},
  volume={8},
  number={27},
  pages={3172--3191},
  year={2006},
  publisher={Royal Society of Chemistry}
}
@article{md1,
  title={Molecular dynamics simulations of biomolecules},
  author={Karplus, Martin and McCammon, J Andrew},
  journal={Nature Structural \& Molecular Biology},
  volume={9},
  number={9},
  pages={646--652},
  year={2002},
  publisher={Nature Publishing Group}
}
@article{scale,
  title={High performance computational chemistry: An overview of NWChem a 
  distributed parallel application},
  author={Kendall, Ricky A and Apr{\`a}, Edoardo and Bernholdt, David E and 
  Bylaska, Eric J and Dupuis, Michel and Fann, George I and Harrison, Robert J 
  and Ju, Jialin and Nichols, Jeffrey A and Nieplocha, Jarek and others},
  journal={Computer Physics Communications},
  volume={128},
  number={1},
  pages={260--283},
  year={2000},
  publisher={Elsevier}
}
@article{md2,
  title={Molecular dynamics and protein function},
  author={Karplus, M and Kuriyan, J},
  journal={Proceedings of the National Academy of Sciences of the United States 
  of America},
  volume={102},
  number={19},
  pages={6679--6685},
  year={2005},
  publisher={National Acad Sciences}
}
@article{pharm,
  title={The molecular dynamics of pain control},
  author={Hunt, Stephen P and Mantyh, Patrick W},
  journal={Nature Reviews Neuroscience},
  volume={2},
  number={2},
  pages={83--91},
  year={2001},
  publisher={Nature Publishing Group}
}
@article{pharm2,
  title={Lead discovery using molecular docking},
  author={Shoichet, Brian K and McGovern, Susan L and Wei, Binqing and Irwin, 
  John J},
  journal={Current Opinion in Chemical Biology},
  volume={6},
  number={4},
  pages={439--446},
  year={2002},
  publisher={Elsevier}
}
@article{pharm3,
  title={Integrating cheminformatic analysis in combinatorial chemistry},
  author={Blake, James F},
  journal={Current Opinion in Chemical Biology},
  volume={8},
  number={4},
  pages={407--411},
  year={2004},
  publisher={Elsevier}
}
@article{pharm4,
  title={Virtual screening and fast automated docking methods},
  author={Schneider, Gisbert and B{\"o}hm, Hans-Joachim},
  journal={Drug Discovery Today},
  volume={7},
  number={1},
  pages={64--70},
  year={2002},
  publisher={Elsevier}
}
@article{pharm5,
  title={Molecular docking and high-throughput screening for novel inhibitors 
  of protein tyrosine phosphatase-1B},
  author={Doman, Thompson N and McGovern, Susan L and Witherbee, Bryan J and 
  Kasten, Thomas P and Kurumbail, Ravi and Stallings, William C and Connolly, 
  Daniel T and Shoichet, Brian K},
  journal={Journal of Medicinal Chemistry},
  volume={45},
  number={11},
  pages={2213--2221},
  year={2002},
  publisher={ACS Publications}
}
@article{pharm6,
  title={Inhibitors of dihydrodipicolinate reductase, a key enzyme of the 
  diaminopimelate pathway of Mycobacterium tuberculosis},
  author={Paiva, Anthony M and Vanderwall, Dana E and Blanchard, John S and 
  Kozarich, John W and Williamson, Joanne M and Kelly, Theresa M},
  journal={Biochimica et Biophysica Acta (BBA)-Protein Structure and Molecular 
  Enzymology},
  volume={1545},
  number={1},
  pages={67--77},
  year={2001},
  publisher={Elsevier}
}
@article{QC1,
  title={Exchange reactions with activation energy. {I}. {S}imple barrier 
  potential for (H, H2)},
  author={Karplus, M and Porter, RN and Sharma, RD},
  journal={The Journal of Chemical Physics},
  volume={43},
  number={9},
  pages={3259--3287},
  year={1965},
  publisher={AIP Publishing}
}
@article{cmsym,
  title={Symmetrical Windowing for Quantum States in Quasi-Classical Trajectory 
  Simulations},
  author={Cotton, Stephen J and Miller, William H},
  journal={The Journal of Physical Chemistry A},
  volume={117},
  number={32},
  pages={7190--7194},
  year={2013},
  publisher={ACS Publications}
}
@article{tully,
  title={Molecular dynamics with electronic transitions},
  author={Tully, John C},
  journal={The Journal of Chemical Physics},
  volume={93},
  number={2},
  pages={1061--1071},
  year={1990},
  publisher={AIP Publishing}
}
@article{no3radical,
  title={On the choice of orbitals for symmetry breaking problems with 
  application to \ce{NO3}},
  author={Stanton, John F and Gauss, J{\"u}rgen and Bartlett, Rodney J},
  journal={The Journal of Chemical Physics},
  volume={97},
  number={8},
  pages={5554--5559},
  year={1992},
  publisher={AIP Publishing}
}
@article{no3radical1,
  title={On the vibronic level structure in the \ce{NO3} radical. {I}. {T}he 
  ground electronic state},
  author={Stanton, John F},
  journal={The Journal of Chemical Physics},
  volume={126},
  number={13},
  pages={134309},
  year={2007},
  publisher={AIP Publishing}
}
@article{no3radical2,
  title={On the vibronic level structure in the \ce{NO3} radical: {II}. 
  {A}diabatic calculation of the infrared spectrum},
  author={F. Stanton, John},
  journal={Molecular Physics},
  volume={107},
  number={8-12},
  pages={1059--1075},
  year={2009},
  publisher={Taylor \& Francis}
}
@article{no3radical3,
  title={On the vibronic level structure in the \ce{NO3} radical Part {III}. 
  {O}bservation of intensity borrowing via ground state mixing},
  author={Stanton, John F and Okumura, Mitchio},
  journal={Physical Chemistry Chemical Physics},
  volume={11},
  number={23},
  pages={4742--4744},
  year={2009},
  publisher={Royal Society of Chemistry}
}
@misc{cfour,
    author    = "John F. Stanton and Jürgen Gauß",
    title     = "{CFOUR}",
    howpublished = "\url{http://cfour.de/}",
}
@article{no3radspec,
  title={Infrared spectroscopy of the \ce{NO3} radical},
  author={Kawaguchi, K and Ishiwata, T and Hirota, E and Tanaka, I},
  journal={Chemical Physics},
  volume={231},
  number={2},
  pages={193--198},
  year={1998},
  publisher={Elsevier}
}
@misc{qchem,
    author    = "Q-Chem Inc.",
    title     = "{Q-Chem}",
    howpublished = "\url{http://www.q-chem.com/qchem-website/manual_4-1.html}",
}
@article{basisset1,
  title={Gaussian basis sets for use in correlated molecular calculations. I. 
  The atoms boron through neon and hydrogen},
  author={Dunning Jr, Thom H},
  journal={The Journal of Chemical Physics},
  volume={90},
  number={2},
  pages={1007--1023},
  year={1989},
  publisher={AIP Publishing}
}
@article{basisset2,
  title={Basis set selection for molecular calculations},
  author={Davidson, Ernest R and Feller, David},
  journal={Chemical Reviews},
  volume={86},
  number={4},
  pages={681--696},
  year={1986},
  publisher={ACS Publications}
}

